@online{shomate,
	title = {WebBook de Chimie NIST},
	author = {NIST - National Institute of Standards and Technology},
	url = {http://webbook.nist.gov/chemistry/},
	month = {August},
	year = {2011}
}

@online{chatelier,
	title = {PRINCIPE DE LE CH\^ATELIER},
	author = {Louis-Philippe Thibault},
	url = {http://www.collegelaval.ca/chi534/projetpageweb/projet_page_web/
		projet_web/thibault_louisphilippe.htm},
}

@online{gaz_effet_de_serre,
	title = {La vapeur d'eau est-elle un gaz à effet de serre ?},
	url = {http://www.futura-sciences.com/magazines/environnement/infos/qr/d/
		rechauffement-climatique-vapeur-eau-elle-gaz-effet-serre-912/},
}

@online{hydrogene,
	title = {Consommation d'énergie et émission de gaz à effet de serre 
		pour la production d'hydrogène},
	author = {Gérard Claudet},
	year = {2003},
	url = {http://www.afh2.org/uploads/memento/biohydrogene.pdf},
}

@online{co2_europe,
	title = {Aide-mémoire - Thermodynamique de l'ingénieur},
	author = {Francis Meunier},
	editor = {Dunod},
	pages = {359},
	url = {http://www.econologie.com/europe-emissions-de-co2-par-pays-et-
		par-kwh-electrique-articles-3722.html},
}

@online{energie,
	title = {Combien de CO2 dégage un 1 kWh électrique ?},
	author = {Frédéric Bordage},
	url = {http://www.greenit.fr/article/energie/combien-de-co2-degage-un-1-kwh-electrique-925},
}

@online{co2_voiture_europe,
	title = {Emissions de CO2 par les voitures en Europe},
	year = {2012},
	url = {http://www.planetoscope.com/automobile/311-emissions-de-co2-par-
		les-voitures-en-europe.html},
}

@online{co2_moyenn_kw,
	title = {Electrabel : des centrales plus efficaces},
	year = {2013},
	url = {https://www.electrabel.com/fr/corporate/developpement-durable-co2/
		production-energie/centrales},
}

@online{co2_fillieres,
	title = {Le contenu en CO2 des différentes filières de production d’électricité },
	year = {2013},
	url = {http://www.sfen.org/Le-contenu-en-CO2-des-differentes},
}

@online{wikipedia,
	title = {Wikipedia},
	year = {2014},
	url = {http://fr.wikipedia.org/},
}

@online{biohydrogenisation,
	title = {Inépuisable source d’énergie : 
		des bactéries produisent de l’hydrogène à partir d’eau salé, douce et usée.},
	year = {2011},
	url = {http://www.gurumed.org/2011/09/25/inpuisable-
		source-dnergie-des-bactries-produisent-de-lhydrogne-partir-deau-sal-douce-et-use/},
}

@online{catalyseur,
	author = {Société Chimique de France},
	url = {http://www.societechimiquedefrance.fr/extras/Donnees/mine/nh3/texnh3.htm},
}

@online{janaf,
	title = {Kinetics Database NIST},
	author = {NIST - National Institute of Standards and Technology},
	url = {http://kinetics.nist.gov/janaf/html/H-065.html},
	year = {2013}
}

@online{capcaloUPMC,
	title = {Capacité calorifique molaire à pression constante},
	author = {UPMC - Université Pierre et Marie Curie},
	url = {http://www.edu.upmc.fr/chimie/lc101-202-301/communs/public/capcalo.htm}
}

@book{atkins,
	title={Principes de chimie},
  	author={Peter William Atkins, Loretta Jones, Leroy Laverman},
  	publisher={De Boeck},
	month = {Juillet},
  	year={2014},
	pages = {1120}
}

@online{Corps Latex - Poster,
	title = {Baposter Landscape poster},
	author = {Brian Amberg},
	url = {http://www.latextemplates.com/template/baposter-landscape-poster}
}

@online{Logo usine - Poster,
	url = {http://blog.valtech.fr/2009/09/10/la-rentree-de-lafter-work/}
}

@online{Logo CO2 - Poster,
	url = {https://seeker401.files.wordpress.com/2010/10/w76.jpg}
}

@online{Logo Argon - Poster,
	url = {http://beearthscience.pbworks.com/f/1267455156/424px-Argon.svg.png}
}

@online{Logo H2O - Poster,
	url = {http://fc06.deviantart.net/fs70/i/2013/105/b/d/corporate_h20_logo_by_heids27-d61so02.jpg}
}

@online{Logo CH4 - Poster,
	url = {http://www.ces.fau.edu/nasa/images/Energy/CH4.jpg}
}

@online{Logo NH3 - Poster,
	url = { http://cdn.shopify.com/s/files/1/0187/3062/products/ammonia-50ppm.jpeg?v=1360384270}
}