@online{shomate,
	title = {WebBook de Chimie NIST},
	author = {NIST - National Institute ofÂ Standards and Technology},
	url = {http://webbook.nist.gov/chemistry/},
	month = {August},
	year = {2011}
}


	
