@online{shomate,
	title = {WebBook de Chimie NIST},
	author = {NIST - National Institute ofÂ Standards and Technology},
	howpublished = {\url{http://webbook.nist.gov/chemistry/}},
	month = {August},
	year = {2011}
}


	
