@online{eau,
	title = {Influence de l'eau comme gaz Ã  effet de serre},
	author = {Inconnu},
	url = {http://www.futura-sciences.com/magazines/environnement/infos/qr/d/rechauffement-climatique-vapeur-eau-elle-gaz-effet-serre-912/},
}


	
